@article{dersaul,
  author  = "Der, M. and Saul, L.",
  title   = {Latent coincidence analysis: A hidden variable model for distance metric learning},
  journal = {NIPS},
  year    = {2012},
}

@article{linden-smith-york,
  author  = "Linden, G. and Smith, B. and York, J.",
  title   = {Amazon.com recommendations: Item-to-item collaborative  filtering},
  journal = {IEEE Internet Computing},
  year    = {2003},
}

@article{mcauley-pandey-leskovec,
  author  = "McAuley, J. and Pandey, R. and Leskovec, J.",
  title   = {Inferring networks of substitutable and complementary products},
  journal = {KDD},
  year    = {2015},
}

@article{mcauley-targett-shi-hengel,
  author  = "McAuley, J. and Targett, C. and Shi, Q. and A. van den Hengel",
  title   = {Image-based recommendations on styles and substitutes},
  journal = {SIGIR},
  year    = {2015},
  
  Doi     = {http://cseweb.ucsd.edu/~jmcauley/pdfs/sigir15.pdf}
}

@article{menon-elkan,
  author  = "Menon, K. and Elkan, C.",
  title   = {Link prediction via matrix factorization},
  journal = {ECML},
  year    = {2011},
}

@article{mcauley-he,
  author  = "He, R. and McAuley, J.",
  title   = {Ups and downs: Modeling the visual evolution of fashion trends with one-class collaborative filtering},
  journal = {WWW},
  year    = {2016},
  Doi     = {http://cseweb.ucsd.edu/~jmcauley/pdfs/www16a.pdf}
}

@article{madathil,
  author = "Mithun, M.",
  title   = {Music Recommendation System Spotify - Collaborative Filtering},
  journal = {MUS-17},
  year = {2017},
  Doi     = {http://hpac.rwth-aachen.de/teaching/sem-mus-17/Reports/Madathil.pdf},
}

@article{lew-sebe-djeraba-jain,
  author = "Lew, M. and Sebe, N. and Djeraba, C. and Jain, R.",
  title = {Content-based multimedia information retrieval: State of the art and challenges},
  journal = {ACM TOMCCAP},
  year = {2006}
}

@article{melville,
  author = "Melville, P. and Mooney, R. and Nagarajan, R.",
  title = {Content-boosted collaborative filtering for improved recommendations},
  journal = {AAAI},
  year = {2002}
}

@article{deshpande,
  author = "Deshpande, M. and Karypis, G.",
  title = {Item-based top-n recommendation algorithms},
  journal = {ACM Transcations on Information Systems (TOIS) 22},
  year = {2004},
},

@article{karypis,
  author = "Karypis, George",
  title = "Evaluation of item-based top-n recommendation algorithms",
  journal = "CIKM",
  year = 2001
}

@article{li-liu-huag,
  author = "Li, T. and Liu, A. and Huang, C.",
  title = "A similarity scenario-based recommendation model with small disturbances for unknown items in social networks",
  journal = "IEEE Access 4",
  year = 2016
}

@article{yin,
  author = "Zhang, Y. and Caverlee, J.",
  title = "Neural Compatible Item Recommendation",
  year = 2018
}

@article{urban-tribes,
  author = "Murillo, A. and Kwak, L. and Bourdev, L.",
  title = "Urban tribes: Analyzing group photos from a social perspective",
  journal = "CVPR Workshops",
  year = 2012

}

@article{adomavicius-tuzhilin,
    author = "Adomavicius, G. and Tuzhilin, A.",
    title = "Toward the Next Generation of Recommender Systems: A Survey of the State-of-the-Art Possible Extensions",
    journal = "IEEE Transactions on Knowledge and Data Engineering, Vol. 17, No. 6",
    year = 2005,
    Doi     = {http://pages.stern.nyu.edu/~atuzhili/pdf/TKDE-Paper-as-Printed.pdf}
}

@book{ricci,
    author = "Ricci, F. and Rokach, L. and Shapira, B.",
    title = "Recommender Systems Handbook",
    year = 2015,
}

@article{koren,
    author = "Koren, Y. and Bell, R. and Volinsky, C.",
    title = "Matrix Factorization Techniques for Recommender Systems",
    journal = "IEEE Computer Society",
    year = 2009,
    Doi = 
    {https://datajobs.com/data-science-repo/Recommender-Systems-\%5BNetflix\%5D.pdf}
}

@article{koren-2,
    author = "Koren, Y.",
    title = "Factorization Meets the Neighborhood: a Multifaceted Collaborative Filtering Model",
    journal = "KDD",
    year = 2008,
    Doi = 
    {http://cs.rochester.edu/twiki/pub/Main/HarpSeminar/Factorization_Meets_the_Neighborhood-_a_Multifaceted_Collaborative_Filtering_Model.pdf}
}

@comment{jabref-meta: databaseType:bibtex;}
